@online{SafeBreach2023,
  author = {SafeBreach Labs},
  title = {Windows Defender Security Risk: Defender Pretender},
  url = {https://www.safebreach.com/blog/defender-pretender-when-windows-defender-updates-become-a-security-risk/},
  year = {2023},
  month = mar
}

@online{BlackHat2023,
  author = {Black Hat},
  title = {Black Hat USA 2023 Briefings Schedule},
  url = {https://www.blackhat.com/us-23/briefings/schedule/#defender-pretender-when-windows-defender-updates-become-a-security-risk-32706},
  year = {2023},
  month = mar
}

@online{Wired2012,
  author = {Wired},
  title = {Flame: Kaspersky Lab Uncovers a Super-Sophisticated Cyber Weapon},
  url = {https://www.wired.com/2012/05/flame/},
  year = {2012},
  month = may
}

@misc{NVD,
  author = {National Vulnerability Database (NVD)},
  title = {CVE-2023-24934},
  url = {https://nvd.nist.gov/vuln/detail/CVE-2023-24934},
  year = {2023}
}
